<marc:record>
<marc:leader>02411cam a2200529 a 4500</marc:leader>
<marc:controlfield tag="001">340844</marc:controlfield>
<marc:controlfield tag="005">20130328161646.0</marc:controlfield>
<marc:controlfield tag="008">860206s1772    enk           00000 eng d</marc:controlfield>
<marc:datafield ind1=" " ind2=" " tag="035">
<marc:subfield code="a">(PUVoyagerBIBID)201608</marc:subfield>
</marc:datafield>
<marc:datafield ind1=" " ind2=" " tag="035">
<marc:subfield code="a">(CStRLIN)PAUG86-B4811</marc:subfield>
</marc:datafield>
<marc:datafield ind1=" " ind2=" " tag="035">
<marc:subfield code="a">(MediadbVoyBIBID)340844</marc:subfield>
</marc:datafield>
<marc:datafield ind1=" " ind2=" " tag="035">
<marc:subfield code="a">(CaOTULAS)121282417</marc:subfield>
</marc:datafield>
<marc:datafield ind1=" " ind2=" " tag="035">
<marc:subfield code="9">ABC6735</marc:subfield>
</marc:datafield>
<marc:datafield ind1=" " ind2=" " tag="035">
<marc:subfield code="a">(END)sm_pr3291_a1_a24_1772</marc:subfield>
</marc:datafield>
<marc:datafield ind1=" " ind2=" " tag="040">
<marc:subfield code="a">PU</marc:subfield>
<marc:subfield code="c">PU</marc:subfield>
</marc:datafield>
<marc:datafield ind1=" " ind2=" " tag="090">
<marc:subfield code="a">PR3291.A1</marc:subfield>
<marc:subfield code="b">A24 1772</marc:subfield>
<marc:subfield code="i">02/10/86 CTZ</marc:subfield>
</marc:datafield>
<marc:datafield ind1="0" ind2="4" tag="245">
<marc:subfield code="a">The Advantages of deliberation, or The folly of indiscretion :</marc:subfield>
<marc:subfield code="b">in two volumes.</marc:subfield>
</marc:datafield>
<marc:datafield ind1=" " ind2=" " tag="246">
<marc:subfield code="a">The advantages of deliberation; or, the folly of indiscretion. In two volumes. Vol. I.</marc:subfield>
<marc:subfield code="d">Letter-press</marc:subfield>
<marc:subfield code="g">Full</marc:subfield>
<marc:subfield code="x">Volume</marc:subfield>
<marc:subfield code="v">v.1</marc:subfield>
</marc:datafield>
<marc:datafield ind1=" " ind2=" " tag="246">
<marc:subfield code="a">The advantages of deliberation; or, the folly of indiscretion. In two volumes. Vol. II.</marc:subfield>
<marc:subfield code="d">Letter-press</marc:subfield>
<marc:subfield code="g">Full</marc:subfield>
<marc:subfield code="x">Volume</marc:subfield>
<marc:subfield code="v">v.2</marc:subfield>
</marc:datafield>
<marc:datafield ind1=" " ind2=" " tag="246">
<marc:subfield code="a">The advantages of deliberation.</marc:subfield>
<marc:subfield code="d">Letter-press</marc:subfield>
<marc:subfield code="g">Half</marc:subfield>
<marc:subfield code="x">Work</marc:subfield>
<marc:subfield code="v">v.1</marc:subfield>
<marc:subfield code="v">v.2</marc:subfield>
</marc:datafield>
<marc:datafield ind1=" " ind2=" " tag="260">
<marc:subfield code="a">London</marc:subfield>
<marc:subfield code="b">Printed for Robinson and Roberts, no. 25, Paternoster-Row.</marc:subfield>
<marc:subfield code="c">MDCCLXXII</marc:subfield>
<marc:subfield code="v">v.1</marc:subfield>
<marc:subfield code="v">v.2</marc:subfield>
<marc:subfield code="a">[London]</marc:subfield>
</marc:datafield>
<marc:datafield ind1=" " ind2=" " tag="300">
<marc:subfield code="a">2 v. ;</marc:subfield>
<marc:subfield code="c">18 cm. (12mo)</marc:subfield>
<marc:subfield code="x">Duodecimo</marc:subfield>
<marc:subfield code="z">In two volumes.</marc:subfield>
<marc:subfield code="a">[2 v.]</marc:subfield>
</marc:datafield>
<marc:datafield ind1=" " ind2=" " tag="500">
<marc:subfield code="a">A novel.</marc:subfield>
</marc:datafield>
<marc:datafield ind1="4" ind2=" " tag="510">
<marc:subfield code="a">ESTC (RLIN)</marc:subfield>
<marc:subfield code="c">N2708</marc:subfield>
</marc:datafield>
<marc:datafield ind1="4" ind2=" " tag="510">
<marc:subfield code="a">Black, F.G.  Epistolary novel</marc:subfield>
<marc:subfield code="c">p. 113</marc:subfield>
</marc:datafield>
<marc:datafield ind1="4" ind2=" " tag="510">
<marc:subfield code="a">English novel, 1770-1829,</marc:subfield>
<marc:subfield code="c">1772: 1</marc:subfield>
</marc:datafield>
<marc:datafield ind1=" " ind2=" " tag="590">
<marc:subfield code="a">Bound in one vol.</marc:subfield>
</marc:datafield>
<marc:datafield ind1=" " ind2=" " tag="591">
<marc:subfield code="a">The life of a libertine cannot be known without abhorrence, nor shared without danger of ruin.</marc:subfield>
<marc:subfield code="1">The Adventurer.</marc:subfield>
</marc:datafield>
<marc:datafield ind1=" " ind2=" " tag="592">
<marc:subfield code="a">Epistolary</marc:subfield>
</marc:datafield>
<marc:datafield ind1=" " ind2=" " tag="595">
<marc:subfield code="a">Pencil</marc:subfield>
<marc:subfield code="b">Words</marc:subfield>
<marc:subfield code="x">What a charming man. What happiness.</marc:subfield>
<marc:subfield code="v">v.2</marc:subfield>
</marc:datafield>
<marc:datafield ind1=" " ind2="7" tag="656">
<marc:subfield code="a">Epistolary novels</marc:subfield>
<marc:subfield code="z">England</marc:subfield>
<marc:subfield code="y">18th century.</marc:subfield>
<marc:subfield code="2">rbgenr</marc:subfield>
</marc:datafield>
<marc:datafield ind1=" " ind2="4" tag="650">
<marc:subfield code="a">CHR 1772</marc:subfield>
</marc:datafield>
<marc:datafield ind1=" " ind2=" " tag="700">
<marc:subfield code="a">Robinson, Gregory</marc:subfield>
<marc:subfield code="4">Publisher</marc:subfield>
<marc:subfield code="5">Authorized</marc:subfield>
</marc:datafield>
<marc:datafield ind1=" " ind2=" " tag="700">
<marc:subfield code="a">Roberts, J.</marc:subfield>
<marc:subfield code="4">Publisher</marc:subfield>
<marc:subfield code="5">Authorized</marc:subfield>
</marc:datafield>
<marc:datafield ind1=" " ind2=" " tag="710">
<marc:subfield code="a">Robinson and Roberts</marc:subfield>
<marc:subfield code="4">Publisher</marc:subfield>
<marc:subfield code="5">Authorized</marc:subfield>
</marc:datafield>
<marc:datafield ind1=" " ind2=" " tag="710">
<marc:subfield code="a">G. Robinson and J. Roberts</marc:subfield>
<marc:subfield code="4">Publisher</marc:subfield>
<marc:subfield code="5">Authorized</marc:subfield>
</marc:datafield>
<marc:datafield ind1="2" ind2=" " tag="710">
<marc:subfield code="a">Collection of British and American Fiction, 1660-1830 (University of Pennsylvania)</marc:subfield>
</marc:datafield>
<marc:datafield ind1="2" ind2=" " tag="710">
<marc:subfield code="a">Early Novels</marc:subfield>
<marc:subfield code="5">University of Pennsylvania</marc:subfield>
</marc:datafield>
<marc:datafield ind1="0" ind2=" " tag="740">
<marc:subfield code="a">Folly of indiscretion.</marc:subfield>
</marc:datafield>
<marc:datafield ind1=" " ind2=" " tag="752">
<marc:subfield code="a">England</marc:subfield>
<marc:subfield code="d">London.</marc:subfield>
</marc:datafield>
<marc:datafield ind1="0" ind2="1" tag="852">
<marc:subfield code="b">scsing</marc:subfield>
<marc:subfield code="t">1</marc:subfield>
<marc:subfield code="h">PR3291.A1</marc:subfield>
<marc:subfield code="i">A24 1772</marc:subfield>
</marc:datafield>
<marc:datafield ind1="3" ind2="0" tag="866">
<marc:subfield code="8">0</marc:subfield>
<marc:subfield code="a">2 v.</marc:subfield>
</marc:datafield>
<marc:datafield ind1="3" ind2="0" tag="866">
<marc:subfield code="8">0</marc:subfield>
<marc:subfield code="a">(v.1-2); id=9999</marc:subfield>
</marc:datafield>
<marc:datafield ind1=" " ind2=" " tag="950">
<marc:subfield code="l">RBC</marc:subfield>
<marc:subfield code="e">\\\\\\\\Singer-\\\\Menden-\\\\hall\\\\</marc:subfield>
<marc:subfield code="v">2 v.</marc:subfield>
<marc:subfield code="i">02/10/86 C</marc:subfield>
</marc:datafield>
<marc:datafield ind1=" " ind2=" " tag="955">
<marc:subfield code="l">RBC</marc:subfield>
<marc:subfield code="c">1:(v.1-2)</marc:subfield>
<marc:subfield code="q">725479</marc:subfield>
<marc:subfield code="s">Godfrey F. Singer Mem.</marc:subfield>
<marc:subfield code="s">in 1</marc:subfield>
<marc:subfield code="i">02/10/86 C</marc:subfield>
</marc:datafield>
<marc:datafield ind1=" " ind2=" " tag="989">
<marc:subfield code="2">Advantage</marc:subfield>
<marc:subfield code="2">Deliberation</marc:subfield>
<marc:subfield code="2">Folly</marc:subfield>
<marc:subfield code="2">Indiscretion</marc:subfield>
<marc:subfield code="2">Volume</marc:subfield>
<marc:subfield code="2">Vol</marc:subfield>
</marc:datafield>
<marc:datafield ind1=" " ind2=" " tag="999">
<marc:subfield code="a">AFD</marc:subfield>
<marc:subfield code="b">6/2/2011</marc:subfield>
</marc:datafield>
</marc:record>